<record><leader>00000cas a22000007a 4500</leader><controlfield tag="001">14340549</controlfield><controlfield tag="008">861003d1uuu19uupaudr ne      0    0eng d</controlfield><datafield ind1=" " ind2=" " tag="010"><subfield code="a">sn 86081796 </subfield></datafield><datafield ind1=" " ind2=" " tag="040"><subfield code="a">NPH</subfield><subfield code="b">eng</subfield><subfield code="c">NPH</subfield><subfield code="d">OCLCQ</subfield></datafield><datafield ind1=" " ind2=" " tag="042"><subfield code="a">msc</subfield></datafield><datafield ind1="0" ind2="0" tag="245"><subfield code="a">Eagles Mere Chautauquan.</subfield></datafield><datafield ind1="1" ind2="3" tag="246"><subfield code="a">Daily Eagles Mere Chautauquan</subfield></datafield><datafield ind1=" " ind2=" " tag="260"><subfield code="a">Eagles Mere, Sullivan Co., Pa. :</subfield><subfield code="b">Eagles Mere Chautauqua, Inc.</subfield></datafield><datafield ind1=" " ind2=" " tag="300"><subfield code="a">v. :</subfield><subfield code="b">ill. ;</subfield><subfield code="c">37 cm.</subfield></datafield><datafield ind1=" " ind2=" " tag="310"><subfield code="a">Daily</subfield></datafield><datafield ind1=" " ind2=" " tag="500"><subfield code="a">The word "daily" printed above masthead.</subfield></datafield><datafield ind1=" " ind2=" " tag="550"><subfield code="a">"Organ of the Eagles Mere Chautauqua Assembly."</subfield></datafield><datafield ind1=" " ind2=" " tag="588"><subfield code="a">Description based on: Vol. 5, no. 30 (Aug. 28, 1900).</subfield></datafield><datafield ind1="2" ind2=" " tag="710"><subfield code="a">Eagles Mere Chautauqua.</subfield></datafield><datafield ind1=" " ind2=" " tag="752"><subfield code="a">United States</subfield><subfield code="b">Pennsylvania</subfield><subfield code="c">Sullivan</subfield><subfield code="d">Eagles Mere.</subfield></datafield><datafield ind1="0" ind2="0" tag="780"><subfield code="t">Eagles Mere Chautauqua</subfield><subfield code="w">(OCoLC)14398812</subfield></datafield><datafield ind1="1" ind2=" " tag="029"><subfield code="a">AU@</subfield><subfield code="b">000025817635</subfield></datafield></record>